@article{cohesionCoupling,
 author = {Stevens, W. P. and Myers, G. J. and Constantine, L. L.},
 title = {Structured Design},
 journal = {IBM Syst. J.},
 issue_date = {June 1974},
 volume = {13},
 number = {2},
 month = jun,
 year = {1974},
 issn = {0018-8670},
 pages = {115--139},
 numpages = {25},
 url = {http://dx.doi.org/10.1147/sj.132.0115},
 doi = {10.1147/sj.132.0115},
 acmid = {1661068},
 publisher = {IBM Corp.},
 address = {Riverton, NJ, USA},
} 

@inproceedings{contextAwareMobile,
 author = {Mowafi, Yaser and Abou-Tair, Dhiah and Aqarbeh, Tareq and Abilov, Marat and Dmitriyev, Viktor and Gomez, Jorge Marx},
 title = {A Context-aware Adaptive Security Framework for Mobile Applications},
 booktitle = {Proceedings of the 3rd International Conference on Context-Aware Systems and Applications},
 series = {ICCASA '14},
 year = {2014},
 isbn = {978-1-63190-005-1},
 location = {Dubai, United Arab Emirates},
 pages = {147--153},
 numpages = {7},
 url = {http://dl.acm.org/citation.cfm?id=2762722.2762750},
 acmid = {2762750},
 publisher = {ICST (Institute for Computer Sciences, Social-Informatics and Telecommunications Engineering)},
 address = {ICST, Brussels, Belgium, Belgium},
 keywords = {AHP, Mobile computing, context awareness, context-aware security, decision analysis},
}

@INPROCEEDINGS{eacl, 
author={Ryutov, T. and Neuman, C.}, 
booktitle={Policies for Distributed Systems and Networks, 2002. Proceedings. Third International Workshop on}, 
title={The specification and enforcement of advanced security policies}, 
year={2002}, 
month={}, 
pages={128-138}, 
keywords={authorisation;distributed processing;multi-access systems;abuse;audit;authentication;authorization policy evaluation;distributed multi-user environment;intrusion;legitimate user privileges;misuse;notification;policy evaluation mechanism;security policy;suspicious application level activity;Authentication;Authorization;Computer crime;Data security;Information security;Instruments;Intrusion detection;Printers;Protection;Web and internet services}, 
doi={10.1109/POLICY.2002.1011300},}

@INPROCEEDINGS{contextaware, 
author={Schilit, B. and Adams, N. and Want, R.}, 
booktitle={Mobile Computing Systems and Applications, 1994. WMCSA 1994. First Workshop on}, 
title={Context-Aware Computing Applications}, 
year={1994}, 
month={Dec}, 
pages={85-90}, 
keywords={Application software;Computer networks;Context;Context-aware services;Costs;Embedded computing;Home computing;Mobile computing;Pervasive computing;Portable computers}, 
doi={10.1109/WMCSA.1994.16},}


@ARTICLE{rbac, 
author={Hitchens, M. and Varadharajan, V.}, 
journal={Software, IEE Proceedings -}, 
title={Design and specification of role based access control policies}, 
year={2000}, 
month={Aug}, 
volume={147}, 
number={4}, 
pages={117-129}, 
keywords={authorisation;formal specification;specification languages;authorisation policies;joint action based access policies;language based approach;role based access control policies;separation of duty delegation;specification}, 
doi={10.1049/ip-sen:20000792}, 
ISSN={1462-5970},}


@incollection{accesscontrol,
year={1996},
isbn={978-3-540-61991-8},
booktitle={Information Security and Privacy},
volume={1172},
series={Lecture Notes in Computer Science},
editor={Pieprzyk, Josef and Seberry, Jennifer},
doi={10.1007/BFb0023301},
title={Access control: The neglected frontier},
url={http://dx.doi.org/10.1007/BFb0023301},
publisher={Springer Berlin Heidelberg},
author={Sandhu, Ravi},
pages={219-227},
language={English}
}

@article{memex,
  title={The atlantic monthly},
  author={Bush, Vannevar and Think, As We May},
  journal={As we may think},
  volume={176},
  number={1},
  pages={101--108},
  year={1945}
}

@INPROCEEDINGS{wendong, 
author={Zhang Wendong and Zhang Kaiji}, 
booktitle={Education Technology and Computer Science, 2009. ETCS '09. First International Workshop on}, 
title={A Role-Based Workflow Access Control Model}, 
year={2009}, 
month={March}, 
volume={2}, 
pages={1136-1139}, 
keywords={access control;authorization model;data object;workflow access control;Access control;Authorization;Computer science;Computer science education;Computer security;Data security;Educational technology;Military computing;Petroleum;Production;access control;security level;task;workflow}, 
doi={10.1109/ETCS.2009.521},}


@INPROCEEDINGS{hung, 
author={Le Xuan Hung and Hassan, J. and Riaz, A.S. and Raazi, S.M.K. and Weiwei, Y. and Canh, N.T. and Truc, P.T.H. and Sungyoung Lee and Heejo Lee and Yuseung Son and Fernandes, M. and Miso Kim and Yonil Zhung}, 
booktitle={Performance, Computing and Communications Conference, 2008. IPCCC 2008. IEEE International}, 
title={Activity-based Security Scheme for Ubiquitous Environments}, 
year={2008}, 
month={Dec}, 
pages={475-481}, 
keywords={authorisation;cryptographic protocols;data privacy;message authentication;mobile computing;Diffie-Hellman key agreement protocol;MD5;TEA;access control;activity-based security scheme;heterogeneous computing devices;mobile devices;off-the-shell security services;ubiquitous environments;Access control;Access protocols;Authentication;Computer interfaces;Humans;Pervasive computing;Privacy;Robustness;Security;Ubiquitous computing;Ubiquitous computing;access control;activity-based computing;authentication;security}, 
doi={10.1109/PCCC.2008.4745102}, 
ISSN={1097-2641},}


@INPROCEEDINGS{contextlayer, 
author={Lima, J.C.D. and Rocha, C.C. and Augustin, I. and Dantas, M.A.R.}, 
booktitle={Embedded and Ubiquitous Computing (EUC), 2011 IFIP 9th International Conference on}, 
title={A Context-Aware Recommendation System to Behavioral Based Authentication in Mobile and Pervasive Environments}, 
year={2011}, 
month={Oct}, 
pages={312-319}, 
keywords={mobile computing;recommender systems;security of data;authentication processes;behavioral based authentication;context aware recommendation system;dynamic environments;mobile devices;mobile environments;pervasive environments;pervasive space;recommendation system;spatio temporal permutation model;Authentication;Computational modeling;Context;Context modeling;Mobile communication;Mobile handsets;context-aware recommendation systems;implicit authentication;pervasive computing}, 
doi={10.1109/EUC.2011.2},}

@INPROCEEDINGS{ubiscom, 
author={Corrad, A. and Montanari, R. and Tibaldi, D.}, 
booktitle={Network Computing and Applications, 2004. (NCA 2004). Proceedings. Third IEEE International Symposium on}, 
title={Context-based access control management in ubiquitous environments}, 
year={2004}, 
month={Aug}, 
pages={253-260}, 
keywords={access control;authorisation;meta data;middleware;mobile communication;mobile computing;UbiCOSM;access control management;access control model;context information;context-centric access control middleware;first-class design principle;local resource visibility;metadata;movie-info service;portable device;system authorization policies;ubiquitous service provisioning;user location;user mobility;user needs;user profiles;user-level authorization policies;wireless connectivity;Access control;Authorization;Availability;Context modeling;Context-aware services;Environmental management;Middleware;Permission;Security;Wireless networks}, 
doi={10.1109/NCA.2004.1347784},}


@incollection{genericcontext,
year={2003},
isbn={978-3-540-40380-7},
booktitle={Modeling and Using Context},
volume={2680},
series={Lecture Notes in Computer Science},
editor={Blackburn, Patrick and Ghidini, Chiara and Turner, RoyM. and Giunchiglia, Fausto},
doi={10.1007/3-540-44958-2_17},
title={A Generic Framework for Context-Based Distributed Authorizations},
url={http://dx.doi.org/10.1007/3-540-44958-2_17},
publisher={Springer Berlin Heidelberg},
author={Most{\'e}faoui, Ghita Kouadri and Br{\'e}zillon, Patrick},
pages={204-217},
language={English}
}

@inproceedings{xorbac,
 author = {Neumann, Gustaf and Strembeck, Mark},
 title = {An Approach to Engineer and Enforce Context Constraints in an RBAC Environment},
 booktitle = {Proceedings of the Eighth ACM Symposium on Access Control Models and Technologies},
 series = {SACMAT '03},
 year = {2003},
 isbn = {1-58113-681-1},
 location = {Como, Italy},
 pages = {65--79},
 numpages = {15},
 url = {http://doi.acm.org/10.1145/775412.775421},
 doi = {10.1145/775412.775421},
 acmid = {775421},
 publisher = {ACM},
 address = {New York, NY, USA},
} 

@inproceedings{contextawarerbac,
 author = {Kulkarni, Devdatta and Tripathi, Anand},
 title = {Context-aware Role-based Access Control in Pervasive Computing Systems},
 booktitle = {Proceedings of the 13th ACM Symposium on Access Control Models and Technologies},
 series = {SACMAT '08},
 year = {2008},
 isbn = {978-1-60558-129-3},
 location = {Estes Park, CO, USA},
 pages = {113--122},
 numpages = {10},
 url = {http://doi.acm.org/10.1145/1377836.1377854},
 doi = {10.1145/1377836.1377854},
 acmid = {1377854},
 publisher = {ACM},
 address = {New York, NY, USA},
 keywords = {RBAC, context-aware computing, context-based access control, pervasive computing},
} 

@article{contextaccess,
  title={Context-sensitive access control model for business processes},
  author={Sladi{\'c}, Goran and Milosavljevi{\'c}, Branko and Konjovi{\'c}, Zora},
  journal={Computer Science and Information Systems},
  volume={10},
  number={3},
  pages={939--972},
  year={2013}
}

@incollection{contextroles,
year={2006},
isbn={978-3-540-39368-9},
booktitle={High Performance Computing and Communications},
volume={4208},
series={Lecture Notes in Computer Science},
editor={Gerndt, Michael and Kranzlm{\"u}ller, Dieter},
doi={10.1007/11847366_59},
title={Context-Role Based Access Control for Context-Aware Application},
url={http://dx.doi.org/10.1007/11847366_59},
publisher={Springer Berlin Heidelberg},
author={Park, Seon-Ho and Han, Young-Ju and Chung, Tai-Myoung},
pages={572-580},
language={English}
}

@inproceedings{envroles,
 author = {Covington, Michael J. and Long, Wende and Srinivasan, Srividhya and Dev, Anind K. and Ahamad, Mustaque and Abowd, Gregory D.},
 title = {Securing Context-aware Applications Using Environment Roles},
 booktitle = {Proceedings of the Sixth ACM Symposium on Access Control Models and Technologies},
 series = {SACMAT '01},
 year = {2001},
 isbn = {1-58113-350-2},
 location = {Chantilly, Virginia, USA},
 pages = {10--20},
 numpages = {11},
 url = {http://doi.acm.org/10.1145/373256.373258},
 doi = {10.1145/373256.373258},
 acmid = {373258},
 publisher = {ACM},
 address = {New York, NY, USA},
 keywords = {context aware computing, role-based access control},
} 

@INPROCEEDINGS{grbac, 
author={Moyer, M.J. and Abamad, M.}, 
booktitle={Distributed Computing Systems, 2001. 21st International Conference on.}, 
title={Generalized role-based access control}, 
year={2001}, 
month={Apr}, 
pages={391-398}, 
keywords={authorisation;distributed processing;transaction processing;GRBAC;JPEG;RBAC;access control;access control decisions;access control models;environment roles;environmental information;expressive power;generalized role based access control;object roles;object type;rich access control policies;security policy;security-relevant characteristics;sensitivity level;subject roles;Access control;Educational institutions;Information security;Mechanical factors;Permission;Power system modeling;Power system security;Usability}, 
doi={10.1109/ICDSC.2001.918969},}

@article{personalizedcontext,
title = "Context-aware system for proactive personalized service based on context history ",
journal = "Expert Systems with Applications ",
volume = "36",
number = "4",
pages = "7448 - 7457",
year = "2009",
note = "",
issn = "0957-4174",
doi = "http://dx.doi.org/10.1016/j.eswa.2008.09.002",
url = "http://www.sciencedirect.com/science/article/pii/S0957417408006301",
author = "Jongyi Hong and Eui-Ho Suh and Junyoung Kim and SuYeon Kim",
keywords = "Context-aware",
keywords = "Context history",
keywords = "Proactive systems",
keywords = "User preference "
}

@inproceedings{mobilecontext,
 author = {Harter, Andy and Hopper, Andy and Steggles, Pete and Ward, Andy and Webster, Paul},
 title = {The Anatomy of a Context-aware Application},
 booktitle = {Proceedings of the 5th Annual ACM/IEEE International Conference on Mobile Computing and Networking},
 series = {MobiCom '99},
 year = {1999},
 isbn = {1-58113-142-9},
 location = {Seattle, Washington, USA},
 pages = {59--68},
 numpages = {10},
 url = {http://doi.acm.org/10.1145/313451.313476},
 doi = {10.1145/313451.313476},
 acmid = {313476},
 publisher = {ACM},
 address = {New York, NY, USA},
} 

@article{tomas1,
  year={2014},
  issn={1783-7677},
  journal={Journal on Multimodal User Interfaces},
  volume={8},
  number={2},
  doi={10.1007/s12193-013-0141-0},
  title={Context-sensitive, cross-platform user interface generation},
  url={http://dx.doi.org/10.1007/s12193-013-0141-0},
  publisher={Springer Berlin Heidelberg},
  keywords={Human-computer interaction; Context-model; UI generation; Ability-based design},
  author={Macik, Miroslav and Cerny, Tomas and Slavik, Pavel},
  pages={217-229},
  language={English}
}

@inproceedings{context,
 author = {Abowd, Gregory D. and Dey, Anind K. and Brown, Peter J. and Davies, Nigel and Smith, Mark and Steggles, Pete},
 title = {Towards a Better Understanding of Context and Context-Awareness},
 booktitle = {Proceedings of the 1st International Symposium on Handheld and Ubiquitous Computing},
 series = {HUC '99},
 year = {1999},
 isbn = {3-540-66550-1},
 location = {Karlsruhe, Germany},
 pages = {304--307},
 numpages = {4},
 url = {http://dl.acm.org/citation.cfm?id=647985.743843},
 acmid = {743843},
 publisher = {Springer-Verlag},
 address = {London, UK, UK},
} 
